%paginas de la web
@misc{dertat_2017, title={Applied Deep Learning - Part 3: Autoencoders}, url={https://towardsdatascience.com/applied-deep-learning-part-3-autoencoders-1c083af4d798}, journal={Medium}, publisher={Towards Data Science}, author={Dertat, Arden}, year={2017}, month={Oct}}

@book{cormen2009introduction,
  title={Introduction to algorithms},
  author={Cormen, Thomas H and Leiserson, Charles E and Rivest, Ronald L and Stein, Clifford},
  year={2009},
  publisher={MIT press}
}